@article{mattar2005motor,
  title={Motor learning by observing},
  author={Mattar, Andrew AG and Gribble, Paul L},
  journal={Neuron},
  volume={46},
  number={1},
  pages={153--160},
  year={2005},
  publisher={Elsevier}
}

@article{mcgregor2016functional,
  title={Functional plasticity in somatosensory cortex supports motor learning by observing},
  author={McGregor, Heather R and Cashaback, Joshua GA and Gribble, Paul L},
  journal={Current Biology},
  volume={26},
  number={7},
  pages={921--927},
  year={2016},
  publisher={Elsevier}
}

@article{gribble2003role,
  title={Role of cocontraction in arm movement accuracy},
  author={Gribble, Paul L and Mullin, Lucy I and Cothros, Nicholas and Mattar, Andrew},
  journal={Journal of neurophysiology},
  volume={89},
  number={5},
  pages={2396--2405},
  year={2003},
  publisher={Am Physiological Soc}
}